<record><leader>00000cas a22000007a 4500</leader><controlfield tag="001">11850062</controlfield><controlfield tag="008">850326d18741874wiumr ne      0    0eng d</controlfield><datafield ind1=" " ind2=" " tag="010"><subfield code="a">sn 85040461 </subfield></datafield><datafield ind1=" " ind2=" " tag="040"><subfield code="a">NPV</subfield><subfield code="b">eng</subfield><subfield code="c">NPV</subfield><subfield code="d">OCLCQ</subfield></datafield><datafield ind1=" " ind2=" " tag="042"><subfield code="a">msc</subfield></datafield><datafield ind1=" " ind2=" " tag="043"><subfield code="a">n-us-wi</subfield></datafield><datafield ind1=" " ind2=" " tag="045"><subfield code="a">w7w7</subfield></datafield><datafield ind1=" " ind2=" " tag="052"><subfield code="a">4123</subfield><subfield code="b">D3</subfield></datafield><datafield ind1="0" ind2=" " tag="130"><subfield code="a">Sickle (Mazomanie, Wis. : 1874)</subfield></datafield><datafield ind1="1" ind2="4" tag="245"><subfield code="a">The sickle.</subfield></datafield><datafield ind1=" " ind2=" " tag="260"><subfield code="a">Mazomanie, Wis. :</subfield><subfield code="b">Sickle Co.,</subfield><subfield code="c">1874.</subfield></datafield><datafield ind1=" " ind2=" " tag="300"><subfield code="a">1 v.</subfield></datafield><datafield ind1=" " ind2=" " tag="310"><subfield code="a">Monthly</subfield></datafield><datafield ind1="0" ind2=" " tag="362"><subfield code="a">Vol. 1, no. 1 (2nd month, 1874)-</subfield></datafield><datafield ind1="1" ind2=" " tag="362"><subfield code="a">Ceased in Feb. or Mar. 1874.</subfield></datafield><datafield ind1=" " ind2=" " tag="500"><subfield code="a">Editor: Bronson, Satterlee &amp; Bessac.</subfield></datafield><datafield ind1=" " ind2=" " tag="530"><subfield code="a">Available on microfilm from The State Historical Society of Wisconsin.</subfield></datafield><datafield ind1=" " ind2=" " tag="752"><subfield code="a">United States</subfield><subfield code="b">Wisconsin</subfield><subfield code="c">Dane</subfield><subfield code="d">Mazomanie.</subfield></datafield><datafield ind1="0" ind2="0" tag="785"><subfield code="t">Weekly sickle</subfield><subfield code="w">(DLC)sn 85033166</subfield></datafield><datafield ind1="1" ind2=" " tag="029"><subfield code="a">AU@</subfield><subfield code="b">000025801124</subfield></datafield></record>